@BOOK{Hesse2011,
	AUTHOR = {Hesse, Stefan},
	YEAR = {2011},
	TITLE = {Greifertechnik - Effektoren für Roboter und Automaten},
	EDITION = {},
	ISBN = {978-3-446-42422-7},
	PUBLISHER = {Hanser},
	ADDRESS = {München},
}
@BOOK{Hesse2013,
	AUTHOR = {Hesse, Stefan},
	YEAR = {2013},
	TITLE = {Grundlagen der Handhabungstechnik},
	EDITION = {3., neu bearbeitete und er\-weit\-er\-te Auflage},
	ISBN = {978-3-446-43596-4},
	PUBLISHER = {Carl Hanser Verlag GmbH  Co KG},
	ADDRESS = {München},
}
@article{MKA,
	AUTHOR={Simons, Florian},
	TITLE={Vorelsungsskript: Mechanische Komponenten der Automation},
	JOURNAL={Duale Hochschule Baden Württemberg},
	YEAR={2016},
}
@article{VDI1990,
  author          = {Jansen, R.},
  journal         = {VDI Berichte 850, Roboter in der Verpackungstechnik},
  title           = {Stand und Perspektiven der Roboter in der Verpakungstechnik},
  year            = {1990}
}
@BOOK{Wolf2016,
	AUTHOR = {Wolf, Andreas AND Steinmann, Ralf},
	YEAR = {2016},
	TITLE = {Greifer in Bewegung - Faszination der Au\-to\-ma\-ti\-sier\-ung von Handhabungsaufgaben},
	ISBN = {978-3-446-43993-1},
	PUBLISHER = {Carl Hanser Verlag GmbH  Co KG},
	ADDRESS = {München},
}
@misc{RoboLab19,
  author       = {robolab19},
  howpublished = {\url{https://www.thingiverse.com/thing:4223687}},
  title        = {Gripper for 6DOF Robot Arm},
  year         = {2020},
  note 		   = {Zuletzt Abgerufen am: 08.04.2022}
}
@unpublished{EichPrae,
  author = {Prämassig, Luca AND Eichstätter, Hendrik},
  note   = {},
  title  = {Konstruktion eines Endeffektors und Realisierung einer Fernbedienung  für den Gelenkarmroboter robolink},
  year   = {2020}
}
@misc{VenturiD,
  author       = {Geof},
  title        = {Venturirohr; Sogwirkung für Messung der Geschwindigkeit von Fluiden},
  year         = {2004},
  howpublished = {\url{https://commons.wikimedia.org/w/index.php?curid=8957981}},
  note 		   = {Zuletzt Abgerufen am: 02.04.2022}
}
@misc{DatenBlattIgus,
  author       = {igus® GmbH},
  howpublished = {\url{https://www.igus.de/ContentData/Products/Downloads/001robolink_dc_version_DINA5_v4.pdf}},
  title        = {Technische Dokumentation robolink, DC Version},
  note 		   = {Zuletzt Abgerufen am: 10.03.2022}
}
@misc{3FingerGreifer,
  author       = {SCHUNK GmbH \& Co. KG},
  title        = {Produktinformation, Winkelgreifer SGW 40},
  note 		   = {siehe Anhang 10 (Datenblatt Winkelgreifer)}
}
@misc{SaugNapf,
  author       = {SMC Corporation},
  title        = {Large Size Bellows Style Vacuum Pad, Series ZPT/ZPX},
  note 		   = {siehe Anhang 9 (Datenblatt Saugnapf)}
}